@book{adams1995hitchhiker,
  title={The Hitchhiker's Guide to the Galaxy},
  author={Adams, D.},
  isbn={9781417642595},
  url={http://books.google.com/books?id=W-xMPgAACAAJ},
  year={1995},
  publisher={San Val}
}

@ONLINE {simpleCVVsOpenCV,
    author = "Anthony xamox",
    title = "OpenCV vs Matlab vs SimpleCV",
     month  = "11",
    year   = "2015",
    url    = "http://simplecv.tumblr.com/post/19307835766/opencv-vs-matlab-vs-simplecv"
}

@ONLINE {raspberrypifoundation2015,
    author = "Raspberry Pi Foundation",
    title  = "Raspberry Pi 2, Model B",
    month  = "11",
    year   = "2015",
    url    = "http://www.adafruit.com/pdfs/raspberrypi2modelb.pdf"
}

@ONLINE {Ultraschallsensor,
    author = "Donald P. Massa",
    title  = "choosing-ultrasonic-sensor-proximity-or-distance-measurement",
    month  = "11",
    year   = "2015",
    url    = "http://www.sensorsmag.com/sensors/acoustic-ultrasound/choosing-ultrasonic-sensor-proximity-or-distance-measurement-838"
}

@ONLINE {pythonVSC++,
    author = "Harry Glaser, Itinerant Hacker",
    title  = "What are the advantages of Python over C++?",
    month  = "nov",
    year   = "2015",
    url    = "https://www.quora.com/What-are-the-advantages-of-Python-over-C++"
}

@ONLINE {odroid,
    author = "Hardkernel",
    title  = "ODROID-XU4",
    month  = "11",
    year   = "2015",
    url    = "http://www.hardkernel.com/main/products/prdt_info.php?g_code=G143452239825"
}

@ONLINE {AmdahlschesGesetz,
    author = "Volker Grabsch, Yves Radunz",
    title  = "Seminarvortrag Amdahlsches und Gustafsonsches Gesetz",
    year   = "2015",
    url    = "https://njh.eu/Amdahlsches_und_Gustafsonsches_Gesetz.pdf"
}

@BOOK {SimpleCVwithPython,
    author    = "Kurt Demaagd, Anthony Oliver, Nathan Oostendorp, Katherine Scott",
    title     = "Practical Computer Vision with SimpleCV",
    publisher = "O'Reilly",
    year      = "2012"
}

% Sevis Literaturen

@ONLINE {Serial,
    author    =  "Stackexchange",
    title     =  "How do I make serial work on the Raspberry Pi3",
    year      =  "2016",
     url      =  "https://raspberrypi.stackexchange.com/questions/45570/how-do-i-make-serial-work-on-the-raspberry-pi3"
}

@ONLINE {UART,
    author = "Erich Styger",
    title = "UART with the FRDM-KL02Z Board",
     month  = "04",
    year   = "2015",
    url    = "https://mcuoneclipse.com/2015/04/18/uart-with-the-frdm-kl02z-board/"
}

@book{RPhandbuch,
  title={Raspberry Pi, Das umfassende Handbuch},
  author={Scherbeck Ch., KÃ¼hnast Ch., Kofler M. },
  isbn={978-3-8362-4220-2},
  year={2016},
  publisher={Rheinwerk}
}


@ONLINE {VL6180X_STYGER,
    author = "Erich Styger",
    title = "Tutorial: STMicroelectronics VL6180X Time-of-Flight LIDAR Sensor",
     month  = "n.d.",
    year   = "2017",
    url    = "https://mcuoneclipse.com/2016/12/03/tutorial-stmicroelectronics-vl6180x-time-of-flight-lidar-sensor/"
}

@ONLINE {DRV8825,
    author = "Pololu",
    title = "DRV8825 Stepper Motor Driver Carrier, High Current",
     month  = "n.d.",
    year   = "2017",
    url    = "https://www.pololu.com/product/2133"
}

@ONLINE {U3V50AHV,
    author = "Pololu",
    title = "Pololu Adjustable 9-30V Step-Up Voltage Regulator U3V50AHV",
     month  = "n.d.",
    year   = "2017",
    url    = "https://www.pololu.com/product/2571"
}

@ONLINE {D24V50F5,
    author = "Pololu",
    title = "Pololu 5V, 5A Step-Down Voltage Regulator D24V50F5",
     month  = "n.d.",
    year   = "2017",
    url    =  "https://www.pololu.com/product/2851"
}

@ONLINE {GP2Y0A41SK0F,
    author = "Pololu",
    title = "Distance Measuring Sensor Unit GP2Y0A41SK0F",
     month  = "n.d.",
    year   = "2017",
    url    =  "https://www.pololu.com/file/download/GP2Y0A41SK0F.pdf?file_id=0J713"
}

@ONLINE {VL6180X,
    author = "Pololu",
    title = "VL6180X Time-of-Flight Distance Sensor Carrier with Voltage",
     month  = "n.d.",
    year   = "2017",
    url    =  "https://www.pololu.com/product/2489"
}

@ONLINE {Trinamic,
    author    =  "TRINAMIC Motion Control GmbH & Co KG",
    title     =  "QMOT QSH4218 MANUAL",
    year      =  "2012",
     url      =  "www.trinamic.com/fileadmin/assets/Products/Motors_Documents/QSH4218_manual.pdf"
}


@ONLINE {28BYJ48,
    author    =  "Bret Stateham",
    title     =  "28BYJ-48 Stepper Motor and ULN2003 Driver Intro",
    year      =  "2015",
     url      =  "https://www.youtube.com/watch?v=B86nqDRskVU&t=910s"
}

@ONLINE {OpenCV,
    author    =  "opencw dev team",
    title     =  "API OpenCV",
    year      =  "2016",
     url      =  "http://docs.opencv.org/2.4/modules/refman.html"
}
