@book{ROSprojects,
	author ={Lentin Joseph},
	title = {ROS Robotics Projects},
	year = {2017},
	month = {03},
	isbn ={978-1-78355-472-0},
	publisher = {Packt Publishing},
	url = {http://proquest.tech.safaribooksonline.de/book/hardware/9781783554713},
	keywords = {book}
}
@online{ballonaplate,
	author = {Benecdict},
	title  = {Student's 3D printed balancing device is a whole new ball game},
	year = {2015},
	month = {12},
	urldate = {2017-10-06},
	url    = {www.3ders.org/articles/20151213-students-3d-printed-balancing-device-is-a-whole-new-ball-game.html},
	keywords = {online}
}


@book{Knappen2009,
	author = {Knappen, Joerg},
	year = {2009},
	title = {Schnell ans Ziel mit LATEX 2e - },
	edition = {ueberarbeitete und erweiterte Auflage},
	isbn = {978-3-486-59015-9},
	publisher = {Oldenbourg Verlag},
	address = {Muenchen},
	keywords = {book}
}

@online{PEXELS2015,
	author  = {PEXELS},
	title   = {Black and white branches tree},
	urlseen = {2015-10-06},
	url     = {https://www.pexels.com/photo/black-and-white-branches-tree-high-279/},
	keywords = {image}
}

@online{Google2015,
	author = {Google},
	title  = {Google},
	urldate = {2015-10-06},
	url    = {http://www.google.de},
	keywords = {online}
}

@book{adams1995hitchhiker,
  title={The Hitchhiker's Guide to the Galaxy},
  author={Adams, D.},
  isbn={9781417642595},
  url={http://books.google.com/books?id=W-xMPgAACAAJ},
  year={1995},
  publisher={San Val}
}
